%%%%%%%%%%%%%%%%%%%%%%%%%%%%%%%%%%%%%%%%%%%%%%%%%%%%%%%%%%%%%%%%%%%%%%
%
%                abbrevs.bib
%
%  used to create abbreviations of proceedings, journals, workshops, publishers etc.
%
%%%%%%%%%%%%%%%%%%%%%%%%%%%%%%%%%%%%%%%%%%%%%%%%%%%%%%%%%%%%%%%%%%%%%%

% Journals
@string{ieeecptr = "{IEEE} Computer"}
@string{jvlc = "{J}ournal of {V}isual {L}anguages and {C}omputing"}
@string{jpdc = "{J}ournal of {P}arallel and {D}istributed {C}omputing"}
@string{cacm = "{C}ommunications of the {ACM}"}
@string{tse = "{IEEE} {T}ransactions on {S}oftware {E}ngineering"}
@string{cga = "{IEEE} {C}omputer {G}raphics {A}pplications"}
@string{tvcg = "IEEE Transactions on Visualization and Computer Graphics"}
@string{tog = "{ACM} {T}ransactions on {G}raphics {(TOG)}"}
@string{tois = "{ACM} {T}ransactions on {I}nformation {S}ystems {(TOIS)}"}
@string{tochi = "{ACM} {T}ransactions on {C}omputer-{H}uman {I}nteraction {(TOCHI)}"}
@string{jiv = "{I}nformation {V}isualization"}
@string{ijhc = "{I}nternational {J}ournal of {H}uman {C}omputer {S}tudies"}
@string{sigcseb = "ACM SIGCSE Bulletin"}
@string{ce = "{C}omputers \& {E}ducation"}
@string{cg = "{C}omputers \& {G}raphics"}
@string{ijseke = "{I}nternational {J}ournal of {S}oftware {E}ngineering and {K}nowledge {E}ngineering {(IJSEKE)}"}
@string{ivs = "{I}nformation {V}isualization"}
@string{cie = "{C}omputers in {E}ntertainment {(CIE)}"}

% Conferences
@string{oopsla = "{P}roceedings of {ACM} {C}onference on {O}bject-{O}riented {P}rogramming, {S}ystems, {L}anguages, and {A}pplications {(OOPSLA)}"}
@string{oopslac = "{C}ompanion to the {ACM} {C}onference on {O}bject-{O}riented {P}rogramming, {S}ystems, {L}anguages, and {A}pplications {(OOPSLA)}"}
@string{ecoop = "{P}roceedings of the {E}uropean {C}onference on {O}bject-{O}riented {P}rogramming {(ECOOP)}"}
@string{icse = "{P}roceedings of the International Conference on Software Engineering {(ICSE)}"}
@string{siggraph ="{P}roceedings of the {ACM} {C}onference on {C}omputer {G}raphics and {I}nteractive {T}echniques {(SIGGRAPH)}"}
@string{iv = "{P}roceedings of the {IEEE} {I}nternational {C}onference on {I}nformation {V}isualization {(IV)}"}
@string{chi = "{P}roc. of {CHI}"}
@string{fse = "{P}roc. of {FSE}"}
@string{chiea = "{P}roceedings of the {ACM} {I}nternational {C}onference {E}xtended {A}bstracts on {H}uman {F}actors in {C}omputing {S}ystems {(CHI)}"}
@string{auic = "{P}roceedings of the {A}ustralasian {C}onference on {U}ser {I}nterfaces {(AUIC)}"}
@string{cascon = "{P}roceedings of the {C}onference of the {C}entre for {A}dvanced {S}tudies on {C}ollaborative {R}esearch {(CASCON)}"}
@string{seke = "{P}roceedings of the {ACM} {C}onference on {S}oftware {E}ngineering and {K}nowledge {E}ngineering {(SEKE)}"}
@string{web3d ="{P}roceedings of the {ACM} {I}nternational {C}onference on {3D} {W}eb {T}echnology {(Web3D)}"}
@string{vis = "{P}roceedings of the {IEEE} {C}onference on {V}isualization {(VIS)}"}
@string{apchi = "{P}roceedings of the {A}sia-{P}acific {C}onference on {C}omputer-{H}uman {I}nteraction {(APCHI)}"}
@string{chinz = "{P}roceedings of the {ACM} {N}ew {Z}ealand {C}onference on {C}omputer-{H}uman {I}nteraction {(CHINZ)}"}
@string{tools = "{P}roceedings of the {IEEE} {I}nternational {C}onference on {T}echnology of {O}bject-{O}riented {L}anguages and {S}ystems {(TOOLS)}"}
@string{iticse = "{P}roceedings of the {ACM} {C}onference on {I}ntegrating {T}echnology into {C}omputer {S}cience {E}ducation {(ITiCSE)}"}
@string{ase = "{P}roceedings of the {IEEE/ACM} {I}nternational {C}onference on {A}utomated {S}oftware {E}ngineering {(ASE)}"}
@string{icsm = "{P}roc. of {ICSM}"}
@string{icsmold = "{P}roceedings of the {IEEE} {I}nternational {C}onference on {S}oftware {M}aintenance {(ICSM)}"}
@string{avi = "{P}roceedings of the {W}orking {C}onference on {A}dvanced {V}isual {I}nterfaces {(AVI)}"}
@string{uist = "{P}roceedings of the {ACM} {S}ymposium on {U}ser {I}nterface {S}oftware and {T}echnology {(UIST)}"}
@string{aswec = "{P}roceedings of the {A}ustralian {S}oftware {E}ngineering {C}onference {(ASWEC)}"},
@string{csmr = "{P}roceedings of the {C}onference on {S}oftware {M}aintenance and {R}eengineering {(CSMR)}"}
@string{apsec = "{P}roceedings of the {A}sia {P}acific {S}oftware {E}ngineering {C}onference {(APSEC)}"}
@string{its = "{P}roc. of {ITS}"}
@string{futureplay = "{P}roceedings of the {C}onference on {F}uture {P}lay"}
@string{tei = "{P}roceedings of the {I}nternational {C}onference on {T}angible and {E}mbedded {I}nteraction {(TEI)}"}
@string{icmi = "{P}roc. of {ICMI}"}
@string{icmiold = "{P}roceedings of the {I}nternational {C}onference on {M}ultimodal {I}nterfaces {(ICMI)}"}
@string{achi = "{P}roceedings of the {I}nternational {C}onference on {A}dvances in {C}omputer-{H}uman {I}nteraction {(ACHI)}"}
@string{ecscw = "{P}roceedings of the {E}uropean {C}onference on {C}omputer {S}upported {C}ooperative {W}ork {(ECSCW)}"}
@string{sigmod = "{P}roceedings of the {ACM} {I}nternational {C}onference on {M}anagement of {D}ata {(SIGMOD)}"},
@string{icpc = "{P}roc. of {ICPC}"},
@string{icpcold = "{P}roceedings of the {IEEE} {I}nternational {C}onference on {P}rogram {C}omprehension {(ICPC)}"},
@string{cscw = "{P}roc. of {CSCW}"},
@string{xp = "{P}roceedings of the {I}nternational {C}onference on {A}gile {P}rocesses in {S}oftware {En}gineering and {E}xtreme {P}rogramming {(XP)}"},
@string{icgse = "{P}roc. of {ICGSE}"},
@string{icgseold = "{P}roceedings of the {I}nternational {C}onference on {G}lobal {S}oftware {E}ngineering {(ICGSE)}"},
@string{agile = "{P}roceedings of the {I}nternational {C}onference on {A}gile"},
@string{ozchi = "{P}roc. of {OzCHI}"},
@string{ozchiold = "{P}roceedings of the {A}ustralian {C}omputer-{H}uman {I}nteraction {C}onference {(OzCHI)}"},
@string{group = "{P}roc. of {GROUP}"},
@string{groupold = "{P}roceedings of the {I}nternational {C}onference on {S}upporting {G}roup {W}ork {(GROUP)}"},
@string{nime = "{P}roceedings of the {I}nternational {C}onference on {N}ew {I}nterfaces for {M}usical {E}xpression {(NIME)}"}

% Symposiums
@string{infovis = "{P}roc. of {InfoVis}"}
@string{vast = "{P}roc. of {VAST}"},
@string{softvis = "{P}roc. of {SOFTVIS}"}
@string{eurovis = "{P}roc. of {EuroVis}"}
@string{eurovisold = "{P}roceedings of the {EuroGraphics}/{IEEE} {S}ymposium on {V}isualisation {(EuroVis)}"}
@string{vls = "{P}roceedings of the {IEEE} {S}ymposium on {V}isual {L}anguages {(VL)}"}
@string{hcc = "{P}roceedings of the {IEEE} {S}ymposium on {H}uman {C}entric {C}omputing {L}anguages and {E}nvironments {(HCC)}"}
@string{vlhcc = "{P}roceedings of the {IEEE} {S}ymposium on {V}isual {L}anguages - {H}uman {C}entric {C}omputing {(VLHCC)}"}
@string{invis = "{P}roceedings of the {A}ustralasian {S}ymposium on {I}nformation {V}isualisation {(INVIS)}"}
@string{apvis = "{P}roceedings of the {A}sia-{P}acific {S}ymposium on {I}nformation {V}isualisation {(APVIS)}"}
@string{uist = "{P}roceedings of the {ACM} {S}ymposium on {U}ser {I}nterface {S}oftware and {T}echnology {(UIST)}"}
@string{sigcse = "{P}roceedings of the {ACM} {S}ymposium on {C}omputer {S}cience {E}ducation {(SIGCSE)}"}
@string{vrml = "{P}roceedings of the {S}ymposium on {V}irtual {R}eality {M}odeling {L}anguage {(VRML)}"}
@string{msr = "{P}roceedings of the {I}nternational {W}orking {C}onference on {M}ining {S}oftware {R}epositories {(MSR)}"}
@string{gi = "{P}roceedings of {G}raphics {I}nterface"}
@string{eics = "{P}roceedings of the {ACM} {S}ymposium on {E}ngineering {I}nteractive {C}omputing {S}ystems {(EICS)}"},

% Workshops
@string{iwpc = "{P}roceedings of the {IEEE} {I}nternational {W}orkshop on {P}rogram {C}omprehension {(IWPC)}"}
@string{vlw = "{P}roceedings of the {IEEE} {W}orkshop on {V}isual {L}anguages {(VL)}"}
@string{vissoft = "{P}roc. of {VISSOFT}"}
@string{paste = "{P}roceedings of the {ACM} {W}orkshop on {P}rogram {A}nalysis for {S}oftware {T}ools and {E}ngineering {(PASTE)}"}
@string{icsew = "{P}roceedings of the {ICSE} {W}orkshop on {S}oftware {V}isualization"}
@string{woda =  "{P}roceedings of the {ICSE} {W}orkshop on {D}ynamic {A}nalysis {(WODA)}"}
@string{wosp ="{P}roceedings of the {I}nternational {W}orkshop on {S}oftware and {P}erformance {(WOSP)}"}
@string{wcre = "{P}roceedings of the {W}orking {C}onference on {R}everse {E}ngineering {(WCRE)}"}
@string{beliv = "{P}roceedings of the {AVI} {W}orkshop on {BE}yond time and errors: novel eva{L}uation methods for {I}nformation {V}isualization {(BELIV)}"}
@string{tabletop = "{P}roc. of {Tabletop}"}
@string{fosm = "{P}roc. of {FoSM} at {ICSM}"}
@string{chase = "{P}roc. of {CHASE} Workshop at {ICSE}"},
@string{chaseold = "{P}roeedings of the {W}orkshop on {C}ooperative and {H}uman {A}spects of {S}oftware {E}ngineering {(CHASE)}"},


% Seminars
@string{dagstuhl = "{R}evised {L}ectures on {S}oftware {V}isualization, {I}nternational {S}eminar"}

% Series
@string{splash = "{SPLASH}"}

% Publishers
@string{acs = "{A}ustralian {C}omputer {S}ociety, Inc"}
@string{acmp = "{ACM}"}
@string{ieeep = "{IEEE}"}
@string{ieeead = "{IEEE} {E}ducational {A}ctivities {D}epartment"}
@string{aw = "{A}ddison {W}esley"}
@string{springer = "{S}pringer"}
@string{lncs = "{L}ecture {N}otes in {C}omputer {S}cience"}
@string{mk = "{M}organ {K}aufmann"}
@string{jws= "{J}ohn {W}iley \& {S}ons"}
@string{ph = "{P}rentice {H}all"}
@string{newriders = "{N}ew {R}iders"}
@string{oreilly = "{O'R}eilly and {A}ssociates"}
@string{msp = "{M}icrosoft {P}ress"}
@string{sybex = "{S}ybex"}
@string{oup = "{O}xford {U}niversity {P}ress"}
@string{mitp = "{MIT} {P}ress"}
@string{ibmp = "{IBM} {P}ress"}
@string{kluwer = "{K}luwer {A}cademic {P}ublishers"}
@string{ws = "{W}orld {S}cientific"}
@string{pm = "{P}algrave {M}acmillan"}
@string{elsevier = "{E}lsevier {S}cience {L}td"}
@string{sage = "{SAGE} {P}ublications"}
@string{wiley = "{W}iley"}