@inproceedings{stitchfest,
 author = {Richard, Gabriela T. and Kafai, Yasmin B. and Adleberg, Barrie and Telhan, Orkan},
 title = {StitchFest: Diversifying a College Hackathon to Broaden Participation and Perceptions in Computing},
 booktitle = sigcse,
 OPTseries = {SIGCSE '15},
 year = {2015},
 isbn = {978-1-4503-2966-8},
 location = {Kansas City, Missouri, USA},
 pages = {114--119},
 numpages = {6},
 url = {http://doi.acm.org/10.1145/2676723.2677310},
 doi = {10.1145/2676723.2677310},
 acmid = {2677310},
 publisher = {ACM},
 address = {New York, NY, USA},
 keywords = {broadening participation, coding competitions, gender, hackathons, wearable computing},
} 

